@article{hutMcCormAms,
  title={Adaptive music composition for games},
  author={Hutchings, Patrick Edward and McCormack, Jon},
  journal={IEEE Transactions on Games},
  volume={12},
  number={3},
  pages={270--280},
  year={2019},
  publisher={IEEE}
}

@book{midi_explanation,
  title={MIDI: A comprehensive introduction},
  author={Rothstein, Joseph},
  volume={7},
  year={1995},
  publisher={AR Editions, Inc.}
}

@manual{midi_general,
  title = {General MIDI System 1},
  author = {MIDI Manufacturers Association Incorporated},
  year = {1994},
  organization = {The MIDI Manufactures Association},
  address = {Los Angeles, CA}
}

@article{collins1975spreading,
  title={A spreading-activation theory of semantic processing.},
  author={Collins, Allan M and Loftus, Elizabeth F},
  journal={Psychological review},
  volume={82},
  number={6},
  pages={407},
  year={1975},
  publisher={American Psychological Association}
}

@article{carr1982words,
  title={Words, pictures, and priming: on semantic activation, conscious identification, and the automaticity of information processing.},
  author={Carr, Thomas H and McCauley, Charley and Sperber, Richard D and Parmelee, Charles M},
  journal={Journal of Experimental Psychology: Human perception and performance},
  volume={8},
  number={6},
  pages={757},
  year={1982},
  publisher={American Psychological Association}
}

@article{fu2015backgroundmusic,
author = {Fu, Jiulin},
year = {2015},
month = {01},
pages = {},
title = {The Influence of Background Music of Video Games on Immersion},
volume = {05},
journal = {Journal of Psychology & Psychotherapy},
doi = {10.4172/2161-0487.1000191}
}

@book{prechtl2016adaptive,
  title={Adaptive music generation for computer games},
  author={Prechtl, Anthony},
  year={2016},
  publisher={Open University (United Kingdom)}
}

@inproceedings{amaral2022adaptive,
  title={An adaptive music generation architecture for games based on the deep learning Transformer model},
  author={Amaral, Gustavo and Baffa, Augusto and Briot, Jean-Pierre and Feij{\'o}, Bruno and Furtado, Antonio},
  booktitle={2022 21st Brazilian Symposium on Computer Games and Digital Entertainment (SBGames)},
  pages={1--6},
  year={2022},
  organization={IEEE}
}

@article{ens2020mmm,
  title={Mmm: Exploring conditional multi-track music generation with the transformer},
  author={Ens, Jeff and Pasquier, Philippe},
  journal={arXiv preprint arXiv:2008.06048},
  year={2020}
}

@inproceedings{plut2022preglam,
  title={PreGLAM-MMM: Application and evaluation of affective adaptive generative music in video games},
  author={Plut, Cale and Pasquier, Philippe and Ens, Jeff and Tchemeube, Renaud},
  booktitle={Proceedings of the 17th International Conference on the Foundations of Digital Games},
  pages={1--11},
  year={2022}
}

@inproceedings{plut2022preglam,
  title={PreGLAM-MMM: Application and evaluation of affective adaptive generative music in video games},
  author={Plut, Cale and Pasquier, Philippe and Ens, Jeff and Tchemeube, Renaud},
  booktitle={Proceedings of the 17th International Conference on the Foundations of Digital Games},
  pages={1--11},
  year={2022}
}

@article{plut2020generative,
  title={Generative music in video games: State of the art, challenges, and prospects},
  author={Plut, Cale and Pasquier, Philippe},
  journal={Entertainment Computing},
  volume={33},
  pages={100337},
  year={2020},
  publisher={Elsevier}
}

@phdthesis{lopez2023progressive,
  title={A Progressive-Adaptive Music Generator for Videogames (PAMG): an Approach to Real-Time Algorithmic Composition},
  author={Lopez Duarte, Alvaro Eduardo},
  year={2023},
  school={UC Riverside}
}

@article{lloyd2021adaptive,
  title={Adaptive Music in Video Games and How It Impacts Player Satisfaction},
  author={Lloyd, Scott},
  year={2021}
}

@misc{supermariobros1985,
  title = {Super Mario Bros},
  author = {Shigeru Miyamoto and Nintendo Creative Department},
  year = {1985},
  howpublished = {Nintendo Entertainment System},
}

@inproceedings{vaswani2017transformer,
 author = {Vaswani, Ashish and Shazeer, Noam and Parmar, Niki and Uszkoreit, Jakob and Jones, Llion and Gomez, Aidan N and Kaiser, \L ukasz and Polosukhin, Illia},
 booktitle = {Advances in Neural Information Processing Systems},
 editor = {I. Guyon and U. Von Luxburg and S. Bengio and H. Wallach and R. Fergus and S. Vishwanathan and R. Garnett},
 pages = {},
 publisher = {Curran Associates, Inc.},
 title = {Attention is All you Need},
 volume = {30},
 year = {2017}
}

@misc{spotify2022ambient,
  author = {Jeffries, Dan},
  title = {Ambient Songs for Creativity and Calm},
  year = {2022},
  note = {Playlist. [Online]. Available: \url{https://open.spotify.com/playlist/6qaujvXpcysfuyFMtp7Ljn?si=79e3b076defb4952}}
}

@article{stuart2019mozart,
  title={’Mozart would have made video game music’: composer E{\i}mear Noone on a winning art form},
  author={Stuart, Keith},
  journal={The Guardian, Oct},
  year={2019}
}

@article{russell1980circumplex,
  title={A circumplex model of affect.},
  author={Russell, James A},
  journal={Journal of personality and social psychology},
  volume={39},
  number={6},
  pages={1161},
  year={1980},
  publisher={American Psychological Association}
}
